% This file was created with JabRef 2.10.
% Encoding: UTF-8

@book{dodelson:2003,
  added-at = {2010-07-23T07:14:55.000+0200},
  author = {Dodelson, Scott},
  biburl = {https://www.bibsonomy.org/bibtex/22a950650d49f9c18aced086d2231d499/richterek},
  interhash = {e095f9bf6f73c69a987116a888add404},
  intrahash = {2a950650d49f9c18aced086d2231d499},
  keywords = {astrophysics},
  mendeley-tags = {astrophysics},
  publisher = {Academic Press, Elsevier Science},
  timestamp = {2010-07-23T07:14:58.000+0200},
  title = {{Modern Cosmology}},
  type = {Book},
  year = 2003
}

@MISC{camb:2011,
       author = {{Lewis}, Antony and {Challinor}, Anthony},
        title = "{CAMB: Code for Anisotropies in the Microwave Background}",
     keywords = {Software},
 howpublished = {Astrophysics Source Code Library, record ascl:1102.026},
         year = 2011,
        month = feb,
          eid = {ascl:1102.026},
        pages = {ascl:1102.026},
archivePrefix = {ascl},
       eprint = {1102.026},
       adsurl = {https://ui.adsabs.harvard.edu/abs/2011ascl.soft02026L},
      adsnote = {Provided by the SAO/NASA Astrophysics Data System}
}



@ARTICLE{hivon:2002,
       author = {{Hivon}, Eric and {G{\'o}rski}, Krzysztof M. and {Netterfield}, C. Barth and {Crill}, Brendan P. and {Prunet}, Simon and {Hansen}, Frode},
        title = "{MASTER of the Cosmic Microwave Background Anisotropy Power Spectrum: A Fast Method for Statistical Analysis of Large and Complex Cosmic Microwave Background Data Sets}",
      journal = {\apj},
     keywords = {Cosmology: Cosmic Microwave Background, Methods: Statistical, Astrophysics},
         year = 2002,
        month = mar,
       volume = {567},
       number = {1},
        pages = {2-17},
          doi = {10.1086/338126},
archivePrefix = {arXiv},
       eprint = {astro-ph/0105302},
 primaryClass = {astro-ph},
       adsurl = {https://ui.adsabs.harvard.edu/abs/2002ApJ...567....2H},
      adsnote = {Provided by the SAO/NASA Astrophysics Data System}
}



@article{healpy:2019,
  doi = {10.21105/joss.01298},
  url = {https://doi.org/10.21105/joss.01298},
  year = {2019},
  month = mar,
  publisher = {The Open Journal},
  volume = {4},
  number = {35},
  pages = {1298},
  author = {Andrea Zonca and Leo Singer and Daniel Lenz and Martin Reinecke and Cyrille Rosset and Eric Hivon and Krzysztof Gorski},
  title = {healpy: equal area pixelization and spherical harmonics transforms for data on the sphere in Python},
  journal = {Journal of Open Source Software}
}

@ARTICLE{healpix:2005,
   author = {{G{\'o}rski}, K.~M. and {Hivon}, E. and {Banday}, A.~J. and 
	{Wandelt}, B.~D. and {Hansen}, F.~K. and {Reinecke}, M. and 
	{Bartelmann}, M.},
    title = "{HEALPix: A Framework for High-Resolution Discretization and Fast Analysis of Data Distributed on the Sphere}",
  journal = {\apj},
   eprint = {arXiv:astro-ph/0409513},
 keywords = {Cosmology: Cosmic Microwave Background, Cosmology: Observations, Methods: Statistical},
     year = 2005,
    month = apr,
   volume = 622,
    pages = {759-771},
      doi = {10.1086/427976},
   adsurl = {http://adsabs.harvard.edu/abs/2005ApJ...622..759G},
  adsnote = {Provided by the SAO/NASA Astrophysics Data System}
}

@ARTICLE{tristram:2005,
       author = {{Tristram}, M. and {Mac{\'\i}as-P{\'e}rez}, J.~F. and {Renault}, C. and {Santos}, D.},
        title = "{XSPECT, estimation of the angular power spectrum by computing cross-power spectra with analytical error bars}",
      journal = {\mnras},
     keywords = {methods: data analysis, cosmic microwave background, cosmology: observations, Astrophysics},
         year = 2005,
        month = apr,
       volume = {358},
       number = {3},
        pages = {833-842},
          doi = {10.1111/j.1365-2966.2005.08760.x},
archivePrefix = {arXiv},
       eprint = {astro-ph/0405575},
 primaryClass = {astro-ph},
       adsurl = {https://ui.adsabs.harvard.edu/abs/2005MNRAS.358..833T},
      adsnote = {Provided by the SAO/NASA Astrophysics Data System}
}



@misc{esa:planck_cmb,
  title = {{Planck CMB}},
  howpublished = {\url{https://wiki.cosmos.esa.int/planck-legacy-archive/index.php/File:Cmb_inpaint_T_commander_v1.png#filelinks}},
  note = {Accessed: 2022-04-05}
}

@ARTICLE{lesgourgues:2011,
       author = {{Lesgourgues}, Julien},
        title = "{The Cosmic Linear Anisotropy Solving System (CLASS) I: Overview}",
      journal = {arXiv e-prints},
     keywords = {Astrophysics - Instrumentation and Methods for Astrophysics, Astrophysics - Cosmology and Extragalactic Astrophysics},
         year = 2011,
        month = apr,
          eid = {arXiv:1104.2932},
        pages = {arXiv:1104.2932},
archivePrefix = {arXiv},
       eprint = {1104.2932},
 primaryClass = {astro-ph.IM},
       adsurl = {https://ui.adsabs.harvard.edu/abs/2011arXiv1104.2932L},
      adsnote = {Provided by the SAO/NASA Astrophysics Data System}
}

@ARTICLE{planck:2018_main,
       author = {{Planck Collaboration} and {Aghanim}, N. and {Akrami}, Y. and {Ashdown}, M. and {Aumont}, J. and {Baccigalupi}, C. and {Ballardini}, M. and {Banday}, A.~J. and {Barreiro}, R.~B. and {Bartolo}, N. and {Basak}, S. and {Battye}, R. and {Benabed}, K. and {Bernard}, J. -P. and {Bersanelli}, M. and {Bielewicz}, P. and {Bock}, J.~J. and {Bond}, J.~R. and {Borrill}, J. and {Bouchet}, F.~R. and {Boulanger}, F. and {Bucher}, M. and {Burigana}, C. and {Butler}, R.~C. and {Calabrese}, E. and {Cardoso}, J. -F. and {Carron}, J. and {Challinor}, A. and {Chiang}, H.~C. and {Chluba}, J. and {Colombo}, L.~P.~L. and {Combet}, C. and {Contreras}, D. and {Crill}, B.~P. and {Cuttaia}, F. and {de Bernardis}, P. and {de Zotti}, G. and {Delabrouille}, J. and {Delouis}, J. -M. and {Di Valentino}, E. and {Diego}, J.~M. and {Dor{\'e}}, O. and {Douspis}, M. and {Ducout}, A. and {Dupac}, X. and {Dusini}, S. and {Efstathiou}, G. and {Elsner}, F. and {En{\ss}lin}, T.~A. and {Eriksen}, H.~K. and {Fantaye}, Y. and {Farhang}, M. and {Fergusson}, J. and {Fernandez-Cobos}, R. and {Finelli}, F. and {Forastieri}, F. and {Frailis}, M. and {Fraisse}, A.~A. and {Franceschi}, E. and {Frolov}, A. and {Galeotta}, S. and {Galli}, S. and {Ganga}, K. and {G{\'e}nova-Santos}, R.~T. and {Gerbino}, M. and {Ghosh}, T. and {Gonz{\'a}lez-Nuevo}, J. and {G{\'o}rski}, K.~M. and {Gratton}, S. and {Gruppuso}, A. and {Gudmundsson}, J.~E. and {Hamann}, J. and {Handley}, W. and {Hansen}, F.~K. and {Herranz}, D. and {Hildebrandt}, S.~R. and {Hivon}, E. and {Huang}, Z. and {Jaffe}, A.~H. and {Jones}, W.~C. and {Karakci}, A. and {Keih{\"a}nen}, E. and {Keskitalo}, R. and {Kiiveri}, K. and {Kim}, J. and {Kisner}, T.~S. and {Knox}, L. and {Krachmalnicoff}, N. and {Kunz}, M. and {Kurki-Suonio}, H. and {Lagache}, G. and {Lamarre}, J. -M. and {Lasenby}, A. and {Lattanzi}, M. and {Lawrence}, C.~R. and {Le Jeune}, M. and {Lemos}, P. and {Lesgourgues}, J. and {Levrier}, F. and {Lewis}, A. and {Liguori}, M. and {Lilje}, P.~B. and {Lilley}, M. and {Lindholm}, V. and {L{\'o}pez-Caniego}, M. and {Lubin}, P.~M. and {Ma}, Y. -Z. and {Mac{\'\i}as-P{\'e}rez}, J.~F. and {Maggio}, G. and {Maino}, D. and {Mandolesi}, N. and {Mangilli}, A. and {Marcos-Caballero}, A. and {Maris}, M. and {Martin}, P.~G. and {Martinelli}, M. and {Mart{\'\i}nez-Gonz{\'a}lez}, E. and {Matarrese}, S. and {Mauri}, N. and {McEwen}, J.~D. and {Meinhold}, P.~R. and {Melchiorri}, A. and {Mennella}, A. and {Migliaccio}, M. and {Millea}, M. and {Mitra}, S. and {Miville-Desch{\^e}nes}, M. -A. and {Molinari}, D. and {Montier}, L. and {Morgante}, G. and {Moss}, A. and {Natoli}, P. and {N{\o}rgaard-Nielsen}, H.~U. and {Pagano}, L. and {Paoletti}, D. and {Partridge}, B. and {Patanchon}, G. and {Peiris}, H.~V. and {Perrotta}, F. and {Pettorino}, V. and {Piacentini}, F. and {Polastri}, L. and {Polenta}, G. and {Puget}, J. -L. and {Rachen}, J.~P. and {Reinecke}, M. and {Remazeilles}, M. and {Renzi}, A. and {Rocha}, G. and {Rosset}, C. and {Roudier}, G. and {Rubi{\~n}o-Mart{\'\i}n}, J.~A. and {Ruiz-Granados}, B. and {Salvati}, L. and {Sandri}, M. and {Savelainen}, M. and {Scott}, D. and {Shellard}, E.~P.~S. and {Sirignano}, C. and {Sirri}, G. and {Spencer}, L.~D. and {Sunyaev}, R. and {Suur-Uski}, A. -S. and {Tauber}, J.~A. and {Tavagnacco}, D. and {Tenti}, M. and {Toffolatti}, L. and {Tomasi}, M. and {Trombetti}, T. and {Valenziano}, L. and {Valiviita}, J. and {Van Tent}, B. and {Vibert}, L. and {Vielva}, P. and {Villa}, F. and {Vittorio}, N. and {Wandelt}, B.~D. and {Wehus}, I.~K. and {White}, M. and {White}, S.~D.~M. and {Zacchei}, A. and {Zonca}, A.},
        title = "{Planck 2018 results. VI. Cosmological parameters}",
      journal = {\aap},
     keywords = {cosmic background radiation, cosmological parameters, Astrophysics - Cosmology and Nongalactic Astrophysics},
         year = 2020,
        month = sep,
       volume = {641},
          eid = {A6},
        pages = {A6},
          doi = {10.1051/0004-6361/201833910},
archivePrefix = {arXiv},
       eprint = {1807.06209},
 primaryClass = {astro-ph.CO},
       adsurl = {https://ui.adsabs.harvard.edu/abs/2020A&A...641A...6P},
      adsnote = {Provided by the SAO/NASA Astrophysics Data System}
}



@ARTICLE{planck:2018_iv,
       author = {{Planck Collaboration} and {Akrami}, Y. and {Ashdown}, M. and {Aumont}, J. and {Baccigalupi}, C. and {Ballardini}, M. and {Banday}, A.~J. and {Barreiro}, R.~B. and {Bartolo}, N. and {Basak}, S. and {Benabed}, K. and {Bersanelli}, M. and {Bielewicz}, P. and {Bond}, J.~R. and {Borrill}, J. and {Bouchet}, F.~R. and {Boulanger}, F. and {Bucher}, M. and {Burigana}, C. and {Calabrese}, E. and {Cardoso}, J. -F. and {Carron}, J. and {Casaponsa}, B. and {Challinor}, A. and {Colombo}, L.~P.~L. and {Combet}, C. and {Crill}, B.~P. and {Cuttaia}, F. and {de Bernardis}, P. and {de Rosa}, A. and {de Zotti}, G. and {Delabrouille}, J. and {Delouis}, J. -M. and {Di Valentino}, E. and {Dickinson}, C. and {Diego}, J.~M. and {Donzelli}, S. and {Dor{\'e}}, O. and {Ducout}, A. and {Dupac}, X. and {Efstathiou}, G. and {Elsner}, F. and {En{\ss}lin}, T.~A. and {Eriksen}, H.~K. and {Falgarone}, E. and {Fernandez-Cobos}, R. and {Finelli}, F. and {Forastieri}, F. and {Frailis}, M. and {Fraisse}, A.~A. and {Franceschi}, E. and {Frolov}, A. and {Galeotta}, S. and {Galli}, S. and {Ganga}, K. and {G{\'e}nova-Santos}, R.~T. and {Gerbino}, M. and {Ghosh}, T. and {Gonz{\'a}lez-Nuevo}, J. and {G{\'o}rski}, K.~M. and {Gratton}, S. and {Gruppuso}, A. and {Gudmundsson}, J.~E. and {Handley}, W. and {Hansen}, F.~K. and {Helou}, G. and {Herranz}, D. and {Hildebrandt}, S.~R. and {Huang}, Z. and {Jaffe}, A.~H. and {Karakci}, A. and {Keih{\"a}nen}, E. and {Keskitalo}, R. and {Kiiveri}, K. and {Kim}, J. and {Kisner}, T.~S. and {Krachmalnicoff}, N. and {Kunz}, M. and {Kurki-Suonio}, H. and {Lagache}, G. and {Lamarre}, J. -M. and {Lasenby}, A. and {Lattanzi}, M. and {Lawrence}, C.~R. and {Le Jeune}, M. and {Levrier}, F. and {Liguori}, M. and {Lilje}, P.~B. and {Lindholm}, V. and {L{\'o}pez-Caniego}, M. and {Lubin}, P.~M. and {Ma}, Y. -Z. and {Mac{\'\i}as-P{\'e}rez}, J.~F. and {Maggio}, G. and {Maino}, D. and {Mandolesi}, N. and {Mangilli}, A. and {Marcos-Caballero}, A. and {Maris}, M. and {Martin}, P.~G. and {Mart{\'\i}nez-Gonz{\'a}lez}, E. and {Matarrese}, S. and {Mauri}, N. and {McEwen}, J.~D. and {Meinhold}, P.~R. and {Melchiorri}, A. and {Mennella}, A. and {Migliaccio}, M. and {Miville-Desch{\^e}nes}, M. -A. and {Molinari}, D. and {Moneti}, A. and {Montier}, L. and {Morgante}, G. and {Natoli}, P. and {Oppizzi}, F. and {Pagano}, L. and {Paoletti}, D. and {Partridge}, B. and {Peel}, M. and {Pettorino}, V. and {Piacentini}, F. and {Polenta}, G. and {Puget}, J. -L. and {Rachen}, J.~P. and {Reinecke}, M. and {Remazeilles}, M. and {Renzi}, A. and {Rocha}, G. and {Roudier}, G. and {Rubi{\~n}o-Mart{\'\i}n}, J.~A. and {Ruiz-Granados}, B. and {Salvati}, L. and {Sandri}, M. and {Savelainen}, M. and {Scott}, D. and {Seljebotn}, D.~S. and {Sirignano}, C. and {Spencer}, L.~D. and {Suur-Uski}, A. -S. and {Tauber}, J.~A. and {Tavagnacco}, D. and {Tenti}, M. and {Thommesen}, H. and {Toffolatti}, L. and {Tomasi}, M. and {Trombetti}, T. and {Valiviita}, J. and {Van Tent}, B. and {Vielva}, P. and {Villa}, F. and {Vittorio}, N. and {Wandelt}, B.~D. and {Wehus}, I.~K. and {Zacchei}, A. and {Zonca}, A.},
        title = "{Planck 2018 results. IV. Diffuse component separation}",
      journal = {\aap},
     keywords = {ISM: general, cosmology: observations, cosmic background radiation, diffuse radiation, Galaxy: general, Astrophysics - Cosmology and Nongalactic Astrophysics},
         year = 2020,
        month = sep,
       volume = {641},
          eid = {A4},
        pages = {A4},
          doi = {10.1051/0004-6361/201833881},
archivePrefix = {arXiv},
       eprint = {1807.06208},
 primaryClass = {astro-ph.CO},
       adsurl = {https://ui.adsabs.harvard.edu/abs/2020A&A...641A...4P},
      adsnote = {Provided by the SAO/NASA Astrophysics Data System}
}

